<record><leader>00000cas a22000007i 4500</leader><controlfield tag="001">895039066</controlfield><controlfield tag="006">m     o  d        </controlfield><controlfield tag="007">cr |n|000|||||</controlfield><controlfield tag="008">850817d18791948paudn neo     0   a0eng  </controlfield><datafield ind1=" " ind2=" " tag="010"><subfield code="a">  2014218819</subfield></datafield><datafield ind1=" " ind2=" " tag="040"><subfield code="a">Nz</subfield><subfield code="b">eng</subfield><subfield code="e">rda</subfield><subfield code="c">Z5A</subfield><subfield code="d">DLC</subfield><subfield code="d">OCLCF</subfield></datafield><datafield ind1="0" ind2=" " tag="022"><subfield code="a">2376-3450</subfield><subfield code="2">1</subfield></datafield><datafield ind1="0" ind2=" " tag="029"><subfield code="a">NZ1</subfield><subfield code="b">15700405</subfield></datafield><datafield ind1="1" ind2=" " tag="029"><subfield code="a">NZ1</subfield><subfield code="b">16179244</subfield></datafield><datafield ind1=" " ind2=" " tag="042"><subfield code="a">msc</subfield><subfield code="a">nsdp</subfield></datafield><datafield ind1=" " ind2=" " tag="043"><subfield code="a">n-us-pa</subfield></datafield><datafield ind1="1" ind2="0" tag="050"><subfield code="a">ISSN RECORD</subfield></datafield><datafield ind1="0" ind2="0" tag="082"><subfield code="a">071</subfield><subfield code="2">23</subfield></datafield><datafield ind1="0" ind2=" " tag="130"><subfield code="a">Harrisburg telegraph (1879)</subfield></datafield><datafield ind1=" " ind2="0" tag="222"><subfield code="a">Harrisburg telegraph</subfield><subfield code="b">(1879. Online)</subfield></datafield><datafield ind1="1" ind2="0" tag="245"><subfield code="a">Harrisburg telegraph.</subfield></datafield><datafield ind1="1" ind2="7" tag="246"><subfield code="a">Harrisburg evening telegraph</subfield></datafield><datafield ind1="1" ind2="7" tag="246"><subfield code="a">Daily telegraph</subfield></datafield><datafield ind1=" " ind2="1" tag="264"><subfield code="a">Harrisburg, Pa. :</subfield><subfield code="b">The Telegraph Printing Co.</subfield></datafield><datafield ind1=" " ind2=" " tag="300"><subfield code="a">1 online resource</subfield></datafield><datafield ind1=" " ind2=" " tag="310"><subfield code="a">Daily (except Sun.)</subfield></datafield><datafield ind1=" " ind2=" " tag="336"><subfield code="a">text</subfield><subfield code="b">txt</subfield><subfield code="2">rdacontent</subfield></datafield><datafield ind1=" " ind2=" " tag="337"><subfield code="a">computer</subfield><subfield code="b">c</subfield><subfield code="2">rdamedia</subfield></datafield><datafield ind1=" " ind2=" " tag="338"><subfield code="a">online resource</subfield><subfield code="b">cr</subfield><subfield code="2">rdacarrier</subfield></datafield><datafield ind1="0" ind2=" " tag="362"><subfield code="a">Began March 18, 1879; ceased March 27, 1948.</subfield></datafield><datafield ind1=" " ind2=" " tag="500"><subfield code="a">Publishers: C.H. Bergner, &lt;1879&gt;; Harrisburg Pub. Co., &lt;1888&gt;; Telegraph Print. Co., &lt;January 1, 1914-1931&gt;.</subfield></datafield><datafield ind1=" " ind2=" " tag="500"><subfield code="a">Special centennial ed.: Sept. 7, 1931.</subfield></datafield><datafield ind1=" " ind2=" " tag="525"><subfield code="a">Supplements accompany some issues.</subfield></datafield><datafield ind1=" " ind2=" " tag="580"><subfield code="a">Morning ed.: Harrisburg morning telegraph.</subfield></datafield><datafield ind1=" " ind2=" " tag="588"><subfield code="a">Description based on: [LX]XXIII, no. 1 (January 1, 1914); title from masthead (Chroniclingamerica.loc.gov, viewed December 3, 2014).</subfield></datafield><datafield ind1=" " ind2=" " tag="588"><subfield code="a">Latest issue consulted: LXXXVIII, no. 306 (December 31, 1919) (Chroniclingamerica.loc.gov, viewed December 3, 2014).</subfield></datafield><datafield ind1=" " ind2="0" tag="651"><subfield code="a">Harrisburg (Pa.)</subfield><subfield code="v">Newspapers.</subfield></datafield><datafield ind1=" " ind2="7" tag="655"><subfield code="a">Newspapers.</subfield><subfield code="2">fast</subfield><subfield code="0">(OCoLC)fst01423814</subfield></datafield><datafield ind1=" " ind2="7" tag="651"><subfield code="a">Pennsylvania</subfield><subfield code="z">Harrisburg.</subfield><subfield code="2">fast</subfield><subfield code="0">(OCoLC)fst01204725</subfield></datafield><datafield ind1=" " ind2=" " tag="752"><subfield code="a">United States</subfield><subfield code="b">Pennsylvania</subfield><subfield code="c">Dauphin</subfield><subfield code="d">Harrisburg.</subfield></datafield><datafield ind1="1" ind2=" " tag="775"><subfield code="t">Harrisburg morning telegraph</subfield><subfield code="w">(DLC)sn 86071436</subfield><subfield code="w">(OCoLC)13531284</subfield></datafield><datafield ind1="0" ind2="8" tag="776"><subfield code="i">Originally issued in print:</subfield><subfield code="t">Harrisburg telegraph (1879)</subfield><subfield code="x">2376-3442</subfield><subfield code="w">(DLC)sn 85038411</subfield><subfield code="w">(OCoLC)12396379</subfield></datafield><datafield ind1="0" ind2="0" tag="780"><subfield code="t">Harrisburg daily telegraph (Harrisburg, Pa. : 1874)</subfield></datafield><datafield ind1="0" ind2="5" tag="780"><subfield code="t">Star-independent</subfield><subfield code="g">1917</subfield><subfield code="x">2376-3663</subfield><subfield code="w">(DLC)  2014218827</subfield><subfield code="w">(OCoLC)895039871</subfield></datafield><datafield ind1="4" ind2="0" tag="856"><subfield code="u">http://www.loc.gov/chroniclingamerica/lccn/sn85038411/issues</subfield></datafield></record>